<?xml version="1.0" encoding="UTF-8"?>
<RequestPayload>
  <AppHdr xmlns="urn:iso:std:iso:20022:tech:xsd:head.001.001.02">
    <Fr>
      <FIId>
        <FinInstnId>
          <BICFI>AAAAGB2LXXX</BICFI>
        </FinInstnId>
      </FIId>
    </Fr>
    <To>
      <FIId>
        <FinInstnId>
          <BICFI>BBBBDEFFXXX</BICFI>
        </FinInstnId>
      </FIId>
    </To>
    <BizMsgIdr>MSGID-9999</BizMsgIdr>
    <MsgDefIdr>camt.052.001.08</MsgDefIdr>
    <BizSvc>swift.cbprplus.03</BizSvc>
    <CreDt>2026-06-01T10:00:00Z</CreDt>
    <CpyDplct>COPY</CpyDplct>
  </AppHdr>
  <Document xmlns="urn:iso:std:iso:20022:tech:xsd:camt.052.001.08">
    <BkToCstmrAcctRpt>
      <GrpHdr>
        <MsgId>MSGID-0001</MsgId>
        <CreDtTm>2026-06-01T10:00:00Z</CreDtTm>
      </GrpHdr>
      <Rpt>
        <Id>RPT-0001</Id>
        <CreDtTm>2026-06-01T10:00:00Z</CreDtTm>
        <CpyDplctInd>DUPL</CpyDplctInd>
        <RptPgntn>
          <PgNb>0</PgNb>
          <LastPgInd>true</LastPgInd>
        </RptPgntn>
        <Acct>
          <Id>
            <Othr>
              <Id>ACCT-0001</Id>
            </Othr>
          </Id>
          <Ownr>
            <PstlAdr>
              <TwnNm>London</TwnNm>
              <Ctry>GB</Ctry>
            </PstlAdr>
          </Ownr>
          <Svcr>
            <FinInstnId>
              <BICFI>AAAAGB2LXXX</BICFI>
              <LEI>5299000J2N45DDNE4Y28</LEI>
            </FinInstnId>
          </Svcr>
        </Acct>
        <Bal>
          <Tp>
            <CdOrPrtry>
              <Cd>ITBD</Cd>
            </CdOrPrtry>
          </Tp>
          <Amt Ccy="EUR">1000.00</Amt>
          <CdtDbtInd>CRDT</CdtDbtInd>
          <Dt>
            <Dt>2026-06-01</Dt>
          </Dt>
        </Bal>
        <Ntry>
          <Amt Ccy="EUR">500.00</Amt>
          <CdtDbtInd>CRDT</CdtDbtInd>
          <Sts>
            <Cd>BOOK</Cd>
          </Sts>
          <NtryDtls>
            <TxDtls>
              <Refs>
                <InstrId>/INSTR-0001</InstrId>
              </Refs>
              <Intrst>
                <TtlIntrstAndTaxAmt Ccy="EUR">100.00</TtlIntrstAndTaxAmt>
                <Rcrd>
                  <Amt Ccy="EUR">40.00</Amt>
                </Rcrd>
                <Rcrd>
                  <Amt Ccy="EUR">20.00</Amt>
                </Rcrd>
              </Intrst>
            </TxDtls>
          </NtryDtls>
        </Ntry>
      </Rpt>
    </BkToCstmrAcctRpt>
  </Document>
</RequestPayload>
